@article{yang2017identifying,
  title={Identifying cis-mediators for trans-eQTLs across many human tissues using genomic mediation analysis},
  author={Yang, Fan and Wang, Jiebiao and Pierce, Brandon L and Chen, Lin S and Aguet, Fran{\c{c}}ois and Ardlie, Kristin G and Cummings, Beryl B and Gelfand,   Ellen T and Getz, Gad and Hadley, Kane and others},
  journal={Genome research},
  volume={27},
  number={11},
  pages={1859--1871},
  year={2017},
  publisher={Cold Spring Harbor Lab}
}
--
@article{josse2016missmda,
  title={missMDA: a package for handling missing values in multivariate data analysis},
  author={Josse, Julie and Husson, Fran{\c{c}}ois and others},
  journal={Journal of Statistical Software},
  volume={70},
  number={1},
  pages={1--31},
  year={2016},
  publisher={Foundation for Open Access Statistics}
}
--
