@article{durand2016juicebox,
  title={Juicebox provides a visualization system for Hi-C contact maps with unlimited zoom},
  author={Durand, Neva C and Robinson, James T and Shamim, Muhammad S and Machol, Ido and Mesirov, Jill P and Lander, Eric S and Aiden, Erez Lieberman},
  journal={Cell systems},
  volume={3},
  number={1},
  pages={99--101},
  year={2016},
  publisher={Elsevier}
}
--
@article{davis2018encyclopedia,
  title={The Encyclopedia of DNA elements (ENCODE): data portal update},
  author={Davis, Carrie A and Hitz, Benjamin C and Sloan, Cricket A and Chan, Esther T and Davidson, Jean M and Gabdank, Idan and Hilton, Jason A and Jain, Kriti and Baymuradov, Ulugbek K and Narayanan, Aditi K and others},
  journal={Nucleic acids research},
  volume={46},
  number={D1},
  pages={D794--D801},
  year={2018},
  publisher={Oxford University Press}
}
--
@article{encode2012integrated,
  title={An integrated encyclopedia of DNA elements in the human genome},
  author={ENCODE Project Consortium and others},
  journal={Nature},
  volume={489},
  number={7414},
  pages={57},
  year={2012},
  publisher={Nature Publishing Group}
}
